@book{dunford1988linear,
  title={Linear Operators, Part 1: General Theory},
  author={Dunford, N. and Schwartz, J.T.},
  isbn={9780471608486},
  lccn={88116254},
  series={Wiley Classics Library},
  url={https://books.google.com.co/books?id=FQAAEAAAQBAJ},
  year={1988},
  publisher={Wiley}
}