
@book{alon2016probabilistic,
  title={The probabilistic method},
  author={Alon, Noga and Spencer, Joel H},
  year={2016},
  publisher={John Wiley \& Sons}
}